
@article{EAMF+,
  title={Event-driven user-centric middleware for energy-efficient buildings and publics},
  author={E. Patti and A. Acquaviva and M. Jahn and F. Pramudianto and R. Tomasi and D. Rabourdin and J. Virgone and E. Macii},
  journal={IEEE System Journal},
  volume={10},
  number={3},
  pages={1137--1146},
  year={2016},
}
@inproceedings{DDDF+,
    year={2017},
    author={D. Santoro and D. Zozin and D. Pizzolli and F. Pellegrini and S. Cretti},
    title={Foggy: A Platform for Workload Orchestration in a Fog Computing Environment},
    booktitle={Proc. of IEEE International Conference on Cloud Computing Technology and Science (CloudCom)},
    address={Hong Kong, China},
    month={December}
}
@inproceedings{HTCU+17,
    year={2017},
    author={H. Hong and P. Tsai and A. Cheng and Y. Uddin and N. Venkatasubramanian and C. Hsu},
    title={Supporting {Internet-of-Things} analytics in a fog computing platform},
    booktitle={Proc. of IEEE International Conference on Cloud Computing Technology and Science (CloudCom)},
    address={Hong Kong, China},
    month={December}
}

@inproceedings{HTCU+17_AP,
    year={2017},
    author={P. Tsai and H. Hong and A. Cheng and C. Hsu},
    title={Distributed Analytics in Fog Computing Platforms Using TensorFlow and Kubernetes},
    booktitle={Proc. of Asia-Pacific Network Operations and Management Symposium (APNOMS)},
    address={Seoul, Korean},
    month={August}
}
	
@inproceedings{FRJS+12,
    year={2012},
    author={F. Bonomi and R. Milito and  J. Zhu and S. Addepalli},
    title={Fog computing and its role in the {Internet of Things}},
    booktitle={Proc. of ACM Workshop on Mobile Cloud Computing (MCC)},
    address={Helsinki, Finland},
    month={August}	
}

@misc{ott_market,
    howpublished= {\url{https://www.gminsights.com/industry-analysis/streaming-devices-market}},
    title = {Streaming Devices Market to hit \$25bn by 2024: Global Market Insights, Inc.},
    month = {December},
    year = {2017}
}

@misc{sdn_market,
    howpublished= {\url{http://www.snstelecom.com/sdn-nfv}},
    title = {World {SDN}, {NFV} \& {Network Virtualization} Ecosystem Research Report 2017-2030 - \$22 Billion Market Opportunities, Challenges, Strategies \& Forecasts},
    month = {January},
    year = {2018}
}

@article{BDGI+14,
  title={P4: Programming Protocol-Independent Packet Processors},
  author={P. Bosshart and D. Daly and G. Gibb and M. Izzard and N. McKeown and J. Rexford and C. Schlesinger and D. Talayco and A. Vahdat and G. Varghese and D. Walker},
  journal={ACM SIGCOMM Computer Communication Review},
  volume={44},
  number={3},
  pages={87--95},
  month = {July},
  year={2014},
}

@misc{bmv2,
    howpublished= {\url{https://github.com/p4lang/behavioral-model}},
    title = {GitHub repository of the second version of the {P4} software switch (a.k.a. behavioral model), nicknamed bmv2},
    month = {January},
    year = {2018}
}


